@phdthesis{Wang2021,
  author      = {王志远},
  title       = {基于微服务架构的运营管理系统的设计与实现},
  institution = {上海交通大学},
  address     = {上海},
  year        = {2021},
  pages       = {12--13}
}


@article{Huang,
  author  = {黄素萍 and 刘敏娜 and 朱亚兵 and 田知佩},
  title   = {一种Web高并发系统的研究与实现},
  journal = {智能物联技术},
  year    = {2021},
  volume  = {4},
  number  = {5},
  pages   = {47--50}
}

@article{Chen,
  author  = {陈明 and 汤茂安 and 胡杨},
  title   = {高并发大用户量场景下SESSION共享的方法及实现},
  journal = {网络安全和信息化},
  year    = {2021},
  number  = {5},
  pages   = {92--94}
}

@article{ShuZiHua,
  author  = {谢卫红 and 林培望 and 李忠顺 and 郭海珍},
  title   = {数字化创新：内涵特征、价值创造与展望},
  journal = {外国经济与管理},
  year    = {2020},
  volume  = {42},
  number  = {9},
  pages   = {19--31}
}

@article{Gu,
  author  = {顾永忠},
  title   = {运用信息技术创新律师管理和服务大有可为},
  journal = {中国律师},
  year    = {2021},
  number  = {3},
  pages   = {1}
}

@article{Dong,
  author  = {董红},
  title   = {关于破产债权人会议制度的思考},
  journal = {特区经济},
  year    = {2010},
  number  = {6},
  pages   = {228--229}
}

@article{Li1999,
  author  = {芦珊},
  title   = {企业数字化转型路径研究},
  journal = {现代商业},
  year    = {2022},
  number  = {8},
  pages   = {10--13}
}



